2381 3150
609 311 1226 390 TW
1268 298 2094 389 BnssffiW
2136 400 2142 405 ‚

633 428 723 498 gia
743 465 758 492 ,
793 441 964 500 quam
997 443 1127 482 cum
1151 426 1416 501 capitibus
1448 434 1509 489 vi
1547 447 1765 488 erarum
1799 430 2031 498 habent,
2068 431 2141 486 fic

631 496 834 565 dieta&
896 497 1213 573 appendunt
1230 541 1248 568 ‚
1279 504 1363 557 'ita
1400 515 1464 557 ut
1514 510 1682 579 aepius
1713 508 1774 560 in
1795 521 1912 572 uno
1947 502 2137 579 ephip-

634 576 728 645 pio
774 575 829 629 &
872 568 1029 628 freno
1079 573 1364 645 cujusdam
1406 576 1643 636 veeloris
1731 576 1877 634 lures
1896 618 1913 645 ,
1965 593 2136 651 quam

631 644 893 704 ducentas
934 643 1179 703 vidimus
1223 643 1498 720 ejusmodi
1547 595 1840 709 conclffulas
1888 653 2134 706 minores

631 724 796 776 unius
829 719 862 773 s
919 722 1035 777 eiei.
1107 720 1268 777 Plura
1290 720 1358 778 de
1386 720 1487 779 hac
1519 723 1885 798 superstitione
1918 721 2043 781 vide
2074 721 2134 795 iz?

627 794 726 851 der
758 737 1092 870 gesfri'gelten
1132 793 1338 854 Rocken
1350 794 1710 875 -Philcfiaphim

1229 942 1275 1016 §-
1349 942 1503 1001 vm.

767 1067 1243 1138 compositionem
1285 1060 1493 1121 nullam
1537 1062 1868 1120 officinalern
1883 1104 1900 1131 ‚
1931 1077 2128 1139 praeter

621 1135 854 1196 Massam
883 1138 1195 1211 pillularum
1235 1137 1302 1193 de
1343 1137 1548 1194 Bdellio
1579 1139 1634 1193 &
1663 1151 2013 1212 unguentum
2050 1139 2124 1193 fic

614 1210 825 1281 dietum
866 1214 1144 1268 Citrinum
1170 1211 1499 1285 ingreditur,
1534 1216 1594 1267 in
1626 1210 1784 1282 cujus
1820 1214 2004 1267 vicem
2045 1224 2125 1267 ta·

618 1302 750 1342 men
785 1299 1018 1342 matrem
1056 1285 1334 1358 perlarum
1368 1285 1608 1357 substitui
1642 1288 1696 1341 δε
1730 1284 1963 1359 supponi
2041 1287 2135 1339 ui·-¹

615 1356 744 1415 dam
777 1355 964 1426 jubent
982 1376 998 1421 ;
1032 1358 1153 1414 sunt
1184 1371 1369 1413 autem
1400 1362 1457 1413 ἃ
1490 1371 1834 1433 unguentem
1871 1360 1926 1412 δε
1961 1361 2015 1431 p‘
2040 1357 2122 1412 lu-

613 1430 678 1486 1ae
716 1426 891 1484 ferme
920 1428 1080 1502 plane
1111 1427 1402 1499 abrogatae.
1473 1427 1756 1501 AEthiopes
1798 1426 2121 1498 elegantiffi·

613 1507 720 1558 mis
760 1499 893 1557 albis
915 1542 931 1567 ,
965 1517 1102 1575 quas
1132 1499 1391 1572 peculiari
1415 1502 1671 1565 nomine,
1701 1499 1996 1554 vernacula
2025 1499 2118 1555 sua

610 1576 822 1648 lingua,
870 1576 1069 1630 Buzios
1107 1575 1355 1628 vocitant
1373 1612 1389 1640 ‚
1424 1587 1821 1636 nummorum,
1856 1583 1921 1625 ut
1948 1574 2122 1627 Ame-'

608 1653 735 1706 ricae
775 1647 974 1705 incolae
1011 1664 1182 1703 nuces
1224 1647 1432 1713 Caca0‚
1469 1645 1591 1703 loco
1626 1655 1858 1699 utuntur
1876 1684 1894 1711 ‚
1928 1646 1985 1699 ὃ(
2047 1661 2115 1700 ro

608 1726 675 1777 iis
720 1737 921 1776 aurum
965 1733 1277 1793 permutare
1300 1761 1316 1786 ,
1360 1717 1668 1795 liberosque
1707 1718 1833 1773 suos
1870 1734 1982 1772 ven
2021 1734 2114 1774 ere

603 1794 882 1852 dicuntur.
955 1795 1281 1851 Ornamenti
1318 1795 1491 1864 gratia
1524 1790 1935 1865 agglutinantur
1976 1807 2109 1846 cum

603 1868 717 1926 aliis
739 1866 979 1924 testaceis
1011 1868 1066 1922 &
1086 1865 1371 1921 crustaceis
1401 1867 1627 1919 marinis
1645 1868 1816 1933 antris
1846 1861 2114 1919 subterra-'

600 1947 721 2000 neis
738 1982 754 2009 ‚
776 1958 898 2014 quae
920 1943 1150 1995 nomine
1179 1939 1277 1995 der
1301 1938 1521 1993 Grotten
1540 1935 1711 2010 vulgo
1744 1940 2003 2002 veniunt,
2025 1941 2106 1993 uti

600 2015 723 2071 talia
752 2012 938 2069 videre
971 2012 1094 2069 lieet
1122 2016 1181 2067 in
1211 2009 1472 2067 viridario
1498 2007 1959 2072 Saltzdalumenfi,
1986 2010 2103 2064 Du-

599 2103 753 2147 catus
791 2086 952 2154 hujus
984 2087 1301 2158 Brunsvigii
1341 2081 1738 2147 CeleberrimO,
1779 2081 1929 2156 quod
1957 2095 2102 2137 certe

595 2160 792 2221 mundi
811 2159 1138 2218 miraculum
1167 2156 1422 2237 appellari
1460 2160 1672 2233 optimo
1697 2152 1823 2229 jure
1842 2167 2099 2213 meretur.

1232 2304 1308 2393 §.¹
1356 2306 1443 2361 ix.

741 2421 912 2476 Porro
933 2418 1046 2478 haec
1073 2414 1302 2479 Concha
1329 2420 1515 2474 varios
1550 2412 1711 2473 habet
1749 2430 1951 2499 gyroq,
1998 2424 2094 2469 va·

1871 2501 2091 2557 nosque
