2381 3150
524 264 632 319 ,DE
666 260 999 310 CONCHA
1034 261 1403 309 VENEREA.
1671 277 1742 315 nm

220 359 377 432 hujus
410 362 671 418 Venereae
692 353 917 413 conchae
947 354 1325 412 adscribuntur
1345 398 1359 422 ‚
1396 359 1467 414 fic
1500 359 1566 414 ad
1591 358 1726 413 laxi-·

217 448 383 503 tatem
408 434 548 500 alvi,
582 450 702 506 quae
733 427 1014 485 diarrhoeae
1045 432 1272 485 nomine
1304 434 1361 484 in
1395 429 1583 486 scholis
1601 435 1725 487 Me-,

215 506 468 562 dicorum
491 509 679 561 venire
699 503 853 567 solet,
879 501 1181 574 stipandam
1214 505 1267 557 &
1298 502 1583 559 fistendam
1601 503 1720 578 pul-

214 598 404 636 verem
438 576 553 649 ejus
588 577 872 633 salutarem
901 574 1004 631 effe
1027 575 1294 642 statuunt3
1326 576 1391 632 ad
1423 577 1604 633 ulcera
1626 576 1721 632 de-

211 653 339 708 inde
374 652 752 707 intestinorum
787 663 948 723 atque
982 654 1120 704 uteri
1151 650 1467 706 exficcanda
1494 668 1733 725 quoque.

211 728 270 779 in
299 726 550 797 pulvere3
583 729 716 779 item
745 722 813 777 ad
844 723 1136 778 oculorum
1165 722 1392 779 morbos
1417 723 1483 779 ab
1523 725 1713 779 ulceri-

211 796 312 852 bus
342 801 656 862 comitatos3
688 796 869 869 pulvis
895 800 1045 850 enim
1078 792 1192 866 ejus
1224 795 1598 853 alcoholisatus
1621 815 1712 852 ex·

208 871 389 937 siccat,
420 869 674 942 abstergit
703 868 891 922 ulcera
909 871 962 925 ὃς
981 867 1227 924 absorbet
1251 867 1515 924 humores
1557 888 1710 925 acres

204 944 440 1010 rofiVOS,
461 957 523 998 ut
543 944 773 999 aliarum
800 940 1135 996 concharum
1157 942 1337 1014 pulvis
1349 960 1364 1006 3
1401 945 1709 997 Externum

207 1015 357 1089 quod
378 1020 567 1071 attinet
600 1018 669 1072 ad
702 1015 887 1080 usum,
913 1012 1229 1069 dentifriciis
1252 1014 1492 1069 adhiberi
1517 1015 1707 1089 potest3

205 1092 340 1143 item
374 1084 611 1159 majores
652 1087 1012 1144 domesticum
1052 1086 1253 1142 habent
1283 1088 1441 1142 usum
1472 1107 1535 1143 ac
1564 1106 1710 1143 oeco-

205 1165 494 1216 nomicum
517 1202 532 1227 ‚
588 1161 658 1217 ad
692 1159 991 1233 laeviganda
1050 1164 1223 1226 enim,
1271 1174 1332 1214 ut
1379 1160 1704 1235 splendeant,

202 1234 363 1289 lintea
391 1237 446 1290 ὃς
479 1250 753 1308 papyrum
788 1231 1118 1307 quibusdam
1150 1238 1209 1288 in
1248 1237 1405 1288 terris
1424 1275 1440 1300 ,
1481 1239 1561 1289 uti
1604 1239 1705 1290 Ita-

201 1305 267 1361 lia
291 1347 307 1374 ,
343 1310 442 1362 ἃς.
477 1306 759 1372 adhibent,
801 1305 869 1360 ad
912 1324 1089 1379 quam·
1129 1311 1370 1377 priorem
1409 1307 1706 1380 laevigatio·
1742 1369 1744 1372 v

198 1396 329 1432 nem
353 1379 498 1450 apud
519 1398 627 1433 nos
657 1378 797 1431 hisce
828 1383 886 1429 in
916 1395 973 1430 re
1016 1377 1234 1431 ionibus
1260 1377 1434 1432 ferrea
1454 1378 1704 1452 quaedam

197 1450 555 1503 instrumenta
586 1453 715 1522 igne
742 1445 963 1502 candefa
1021 1467 1051 1503 a
1075 1451 1127 1504 ὃ(
1154 1449 1444 1504 involucro
1476 1451 1704 1508 orichal-

201 1539 299 1576 ceo
332 1521 421 1576 vel
453 1519 633 1575 ferreo
664 1520 834 1593 polito
867 1518 1064 1586 indita,
1100 1520 1269 1594 vulgo
1310 1521 1507 1590 Plette,
1540 1524 1703 1580 Plett-

199 1593 342 1669 eysi’n
362 1635 379 1661 ,
423 1592 491 1648 ad
512 1594 869 1666 posteriorem
911 1611 1076 1660 vem,
1108 1613 1233 1649 zum
1261 1595 1702 1670 Pappierglaetten‚

200 1667 387 1722 dentes
424 1666 573 1740 lupi,
604 1670 744 1740 apri,
774 1666 1117 1740 aliorumque
1153 1670 1472 1723 animalium
1515 1674 1574 1724 in
1602 1672 1700 1725 usu

196 1738 409 1795 habent.
487 1738 750 1797 Vectores
769 1743 821 1794 ὅ(
854 1743 1057 1812 aurigae
1077 1744 1319 1796 minores
1356 1739 1617 1816 ephippiis
1648 1747 1701 1800 ὃς

194 1811 443 1879 habenis,
471 1817 673 1886 partim
698 1825 921 1868 ornatus
952 1817 1152 1885 gratia,
1188 1818 1388 1887 partim
1424 1834 1490 1871 ex
1521 1817 1699 1890 super-

193 1887 406 1949 stitione
435 1884 701 1959 quadam,
736 1885 873 1940 dum
908 1885 1169 1953 credunt,
1216 1905 1387 1961 equos
1423 1887 1507 1944 his
1542 1888 1727 1946 orna?

195 1973 283 2014 tos
322 1958 519 2015 melius
566 1975 783 2019 currere
812 1999 827 2023 ‚
872 1957 1178 2033 meliusque
1222 1978 1448 2016 currum
1488 1962 1698 2020 trahere

190 2031 338 2104 posse
360 2072 375 2098 ‚
407 2049 510 2086 nec
539 2035 707 2087 nimis
733 2030 892 2086 avide
930 2029 1111 2087 bibere
1145 2036 1197 2088 ὃς
1231 2032 1447 2091 haurire
1485 2055 1702 2111 aquam,

177 2101 257 2178 ste
295 2104 556 2179 verfieffi’n
576 2100 688 2175 fich
725 2103 867 2159 nicht
903 2102 1080 2172 leicht‚
1120 2107 1448 2179 peculiarem
1482 2128 1701 2185 quoque

195 2181 272 2232 eis
312 2177 726 2251 appellationem
761 2176 953 2232 dedere
1001 2181 1053 2232 &
1094 2185 1453 2237 nominarunt
1475 2225 1489 2249 ,
1525 2183 1701 2239 Selem-

187 2269 294 2323 gen
323 2282 347 2292 -
376 2251 598 2327 Koepffi,
650 2249 966 2308 arbitrantes
1008 2250 1109 2307 effe
1149 2254 1459 2320 serpentum
1513 2257 1698 2313 sceleta

193 2328 460 2400 capitum,
489 2324 576 2382 sed
609 2323 868 2381 falluntur
879 2345 894 2392 3
934 2340 1192 2456 pugmus
1226 2328 1406 2385 forsan
1427 2329 1492 2385 ab
1514 2331 1697 2386 analo-

1080 2418 1102 2470 3
1594 2409 1696 2479 gia,
